
@mastersthesis{zhang2022,
	type = {硕士},
	title = {石墨烯气凝胶/环氧树脂复合材料的制备及其电磁屏蔽效能研究},
	author = {张, 伊帆},
	date = {2022},
	institution = {{东华大学}},
	urldate = {2022-08-08},
	langid = {chinese},
	keywords = {/Done,📒,冷冻干燥法,石墨烯预制体},
	annotation = {🏷️ /Done、📒、冷冻干燥法、石墨烯预制体},
	file = {/Users/Clancey/Zotero/storage/LLT4A5NE/张_2022_石墨烯气凝胶-环氧树脂复合材料的制备及其电磁屏蔽效能研究.pdf}
}